%% Created using Papers on Fri, 07 Aug 2015.
%% http://papersapp.com/papers/

@article{Lovell:2015il,
author = {Lovell, David and Pawlowsky-Glahn, Vera and Egozcue, Juan Jos{\'e} and Marguerat, Samuel and B{\"a}hler, J{\"u}rg},
title = {{Proportionality: a valid alternative to correlation for relative data.}},
journal = {PLoS Computational Biology},
year = {2015},
volume = {11},
number = {3},
pages = {e1004075},
month = mar
}

@article{Consortium:2014kc,
author = {Consortium, SEQC MAQC-III},
title = {{A comprehensive assessment of RNA-seq accuracy, reproducibility and information content by the Sequencing Quality Control Consortium}},
journal = {Nature Biotechnology},
year = {2014}
}

@article{Dobin:2013fg,
author = {Dobin, Alexander and Davis, Carrie A and Schlesinger, Felix and Drenkow, Jorg and Zaleski, Chris and Jha, Sonali and Batut, Philippe and Chaisson, Mark and Gingeras, Thomas R},
title = {{STAR: ultrafast universal RNA-seq aligner.}},
journal = {Bioinformatics},
year = {2013},
volume = {29},
number = {1},
pages = {15--21},
month = jan
}

@article{Bullard:2010go,
author = {Bullard, James H and Purdom, Elizabeth and Hansen, Kasper D and Dudoit, Sandrine},
title = {{Evaluation of statistical methods for normalization and differential expression in mRNA-Seq experiments.}},
journal = {BMC Bioinformatics},
year = {2010},
volume = {11},
number = {1},
pages = {94}
}

@article{Liu:2014dn,
author = {Liu, Ruolin and Loraine, Ann E and Dickerson, Julie A},
title = {{Comparisons of computational methods for differential alternative splicing detection using RNA-seq in plant systems.}},
journal = {BMC Bioinformatics},
year = {2014},
volume = {15},
number = {1},
pages = {364}
}

@article{Sipos:2013tz,
author = {Sipos, Botond and Slodkowicz, Greg and Massingham, Tim and Goldman, Nick},
title = {{Realistic simulations reveal extensive sample-specificity of RNA-seq biases}},
journal = {arXiv.org},
year = {2013},
eprint = {1308.3172v1},
eprinttype = {arxiv},
eprintclass = {q-bio.GN},
month = aug,
annote = {Analysis pipeline and results at http://bit.ly/rlsim-pl}
}

@article{Kalsotra:2008ke,
author = {Kalsotra, Auinash and Xiao, Xinshu and Ward, Amanda J and Castle, John C and Johnson, Jason M and Burge, Christopher B and Cooper, Thomas A},
title = {{A postnatal switch of CELF and MBNL proteins reprograms alternative splicing in the developing heart.}},
journal = {Proceedings of the National Academy of Sciences of the United States of America},
year = {2008},
volume = {105},
number = {51},
pages = {20333--20338},
month = dec
}

@article{Pachter:2011wm,
author = {Pachter, Lior},
title = {{Models for transcript quantification from RNA-Seq}},
journal = {arXiv.org},
year = {2011},
eprint = {1104.3889v2},
eprinttype = {arxiv},
eprintclass = {q-bio.GN},
month = apr
}

@article{Trapnell:2013gg,
author = {Trapnell, Cole and Hendrickson, David G and Sauvageau, Martin and Goff, Loyal and Rinn, John L and Pachter, Lior},
title = {{Differential analysis of gene regulation at transcript resolution with RNA-seq.}},
journal = {Nature Biotechnology},
year = {2013},
volume = {31},
number = {1},
pages = {46--53},
month = jan
}

@article{Trapnell:2010kd,
author = {Trapnell, Cole and Williams, Brian A and Pertea, Geo and Mortazavi, Ali and Kwan, Gordon and van Baren, Marijke J and Salzberg, Steven L and Wold, Barbara J and Pachter, Lior},
title = {{Transcript assembly and quantification by RNA-Seq reveals unannotated transcripts and isoform switching during cell differentiation.}},
journal = {Nature Biotechnology},
year = {2010},
volume = {28},
number = {5},
pages = {511--515},
month = may
}

@article{Patro:2014jd,
author = {Patro, Rob and Mount, Stephen M and Kingsford, Carl},
title = {{Sailfish enables alignment-free isoform quantification from RNA-seq reads using lightweight algorithms}},
journal = {Nature Biotechnology},
year = {2014},
volume = {32},
number = {5},
pages = {462--464},
month = apr
}

@article{Jones:2012hg,
author = {Jones, Daniel C and Ruzzo, Walter L and Peng, Xinxia and Katze, Michael G},
title = {{A new approach to bias correction in RNA-Seq.}},
journal = {Bioinformatics},
year = {2012},
volume = {28},
number = {7},
pages = {921--928},
month = apr
}

@article{Love:2014vr,
author = {Love, M I and Huber, W and Anders, S},
title = {{Moderated estimation of fold change and dispersion for RNA-Seq data with DESeq2}},
journal = {Genome Biology},
year = {2014}
}

@article{Kuppusamy:2015ey,
author = {Kuppusamy, Kavitha T and Jones, Daniel C and Sperber, Henrik and Madan, Anup and Fischer, Karin A and Rodriguez, Marita L and Pabon, Lil and Zhu, Wei-Zhong and Tulloch, Nathaniel L and Yang, Xiulan and Sniadecki, Nathan J and Laflamme, Michael A and Ruzzo, Walter L and Murry, Charles E and Ruohola-Baker, Hannele},
title = {{Let-7 family of microRNA is required for maturation and adult-like metabolism in stem cell-derived cardiomyocytes}},
journal = {Proceedings of the National Academy of Sciences},
year = {2015},
volume = {112},
number = {21},
pages = {E2785--E2794},
month = may
}

@article{Hansen:2010if,
author = {Hansen, Kasper D and Brenner, Steven E and Dudoit, Sandrine},
title = {{Biases in Illumina transcriptome sequencing caused by random hexamer priming.}},
journal = {Nucleic Acids Research},
year = {2010},
volume = {38},
number = {12},
pages = {e131--e131},
month = jul
}

@article{Leng:2013bk,
author = {Leng, Ning and Dawson, John A and Thomson, James A and Ruotti, Victor and Rissman, Anna I and Smits, Bart M G and Haag, Jill D and Gould, Michael N and Stewart, Ron M and Kendziorski, Christina},
title = {{EBSeq: an empirical Bayes hierarchical model for inference in RNA-seq experiments.}},
journal = {Bioinformatics},
year = {2013},
volume = {29},
number = {8},
pages = {1035--1043},
month = apr
}

@article{Mirtschink:2015iq,
author = {Mirtschink, Peter and Krishnan, Jaya and Grimm, Fiona and Sarre, Alexandre and H{\"o}rl, Manuel and Kayikci, Melis and Fankhauser, Niklaus and Christinat, Yann and Cortijo, C{\'e}dric and Feehan, Owen and Vukolic, Ana and Sossalla, Samuel and Stehr, Sebastian N and Ule, Jernej and Zamboni, Nicola and Pedrazzini, Thierry and Krek, Wilhelm},
title = {{HIF-driven SF3B1 induces KHK-C to enforce fructolysis and heart disease.}},
journal = {Nature},
year = {2015},
volume = {522},
number = {7557},
pages = {444--449},
month = jun
}

@article{Bray:2015uj,
author = {Bray, Nicolas and Pimentel, Harold and Melsted, P{\'a}ll and Pachter, Lior},
title = {{Near-optimal RNA-Seq quantification}},
journal = {arXiv.org},
year = {2015},
eprint = {1505.02710v2},
eprinttype = {arxiv},
eprintclass = {q-bio.QM},
month = may,
annote = {- Added some results (paralog analysis, allele specific expression
  analysis, alignment comparison, accuracy analysis with TPMs) - Switched
  bootstrap analysis to human sample from SEQC-MAQCIII - Provided link to a
  snakefile that allows for reproducibility of all results and figures in the
  paper}
}

@article{Anders:2010fu,
author = {Anders, Simon and Huber, Wolfgang},
title = {{Differential expression analysis for sequence count data.}},
journal = {Genome Biology},
year = {2010},
volume = {11},
number = {10},
pages = {R106}
}

@article{Roberts:2012dh,
author = {Roberts, Adam and Pachter, Lior},
title = {{Streaming fragment assignment for real-time analysis of sequencing experiments}},
journal = {Nature Methods},
year = {2012},
volume = {10},
number = {1},
pages = {71--73},
month = nov
}

@article{Glaus:2012ek,
author = {Glaus, P and Honkela, A and Rattray, M},
title = {{Identifying differentially expressed transcripts from RNA-seq data with biological variation}},
journal = {Bioinformatics},
year = {2012},
volume = {28},
number = {13},
pages = {1721--1728},
month = jun
}

@article{Roberts:2011kf,
author = {Roberts, Adam and Trapnell, Cole and Donaghey, Julie and Rinn, John L and Pachter, Lior},
title = {{Improving RNA-Seq expression estimates by correcting for fragment bias.}},
journal = {Genome Biology},
year = {2011},
volume = {12},
number = {3},
pages = {R22}
}

@article{Li:2011cb,
author = {Li, Bo and Dewey, Colin N},
title = {{RSEM: accurate transcript quantification from RNA-Seq data with or without a reference genome.}},
journal = {BMC Bioinformatics},
year = {2011},
volume = {12},
number = {1},
pages = {323}
}

@techreport{Illumina:2014vr,
author = {{Illumina}},
title = {{TruSeq RNA Sample Preparation v2 Guide}},
year = {2014},
month = mar
}

@article{Trapnell:2013gga,
author = {Trapnell, Cole and Hendrickson, David G and Sauvageau, Martin and Goff, Loyal and Rinn, John L and Pachter, Lior},
title = {{Differential analysis of gene regulation at transcript resolution with RNA-seq.}},
journal = {Nature Biotechnology},
year = {2013},
volume = {31},
number = {1},
pages = {46--53},
month = jan
}

